%YAML 1.1
%TAG !u! tag:unity3d.com,2011:
--- !u!29 &1
OcclusionCullingSettings:
  m_ObjectHideFlags: 0
  serializedVersion: 2
  m_OcclusionBakeSettings:
    smallestOccluder: 5
    smallestHole: 0.25
    backfaceThreshold: 100
  m_SceneGUID: 00000000000000000000000000000000
  m_OcclusionCullingData: {fileID: 0}
--- !u!104 &2
RenderSettings:
  m_ObjectHideFlags: 0
  serializedVersion: 7
  m_Fog: 0
  m_FogColor: {r: 0.5, g: 0.5, b: 0.5, a: 1}
  m_FogMode: 3
  m_FogDensity: 0.01
  m_LinearFogStart: 0
  m_LinearFogEnd: 300
  m_AmbientSkyColor: {r: 0.212, g: 0.227, b: 0.259, a: 1}
  m_AmbientEquatorColor: {r: 0.114, g: 0.125, b: 0.133, a: 1}
  m_AmbientGroundColor: {r: 0.047, g: 0.043, b: 0.035, a: 1}
  m_AmbientIntensity: 1
  m_AmbientMode: 3
  m_SkyboxMaterial: {fileID: 0}
  m_HaloStrength: 0.5
  m_FlareStrength: 1
  m_FlareFadeSpeed: 3
  m_HaloTexture: {fileID: 0}
  m_SpotCookie: {fileID: 10001, guid: 0000000000000000e000000000000000, type: 0}
  m_DefaultReflectionMode: 0
  m_DefaultReflectionResolution: 128
  m_ReflectionBounces: 1
  m_ReflectionIntensity: 1
  m_CustomReflection: {fileID: 0}
  m_Sun: {fileID: 0}
  m_IndirectSpecularColor: {r: 0, g: 0, b: 0, a: 1}
--- !u!157 &3
LightmapSettings:
  m_ObjectHideFlags: 0
  serializedVersion: 7
  m_GIWorkflowMode: 1
  m_GISettings:
    serializedVersion: 2
    m_BounceScale: 1
    m_IndirectOutputScale: 1
    m_AlbedoBoost: 1
    m_TemporalCoherenceThreshold: 1
    m_EnvironmentLightingMode: 0
    m_EnableBakedLightmaps: 0
    m_EnableRealtimeLightmaps: 0
  m_LightmapEditorSettings:
    serializedVersion: 4
    m_Resolution: 2
    m_BakeResolution: 40
    m_TextureWidth: 1024
    m_TextureHeight: 1024
    m_AO: 0
    m_AOMaxDistance: 1
    m_CompAOExponent: 1
    m_CompAOExponentDirect: 0
    m_Padding: 2
    m_LightmapParameters: {fileID: 0}
    m_LightmapsBakeMode: 1
    m_TextureCompression: 1
    m_DirectLightInLightProbes: 1
    m_FinalGather: 0
    m_FinalGatherFiltering: 1
    m_FinalGatherRayCount: 256
    m_ReflectionCompression: 2
  m_LightingDataAsset: {fileID: 0}
  m_RuntimeCPUUsage: 25
--- !u!196 &4
NavMeshSettings:
  serializedVersion: 2
  m_ObjectHideFlags: 0
  m_BuildSettings:
    serializedVersion: 2
    agentTypeID: 0
    agentRadius: 0.5
    agentHeight: 2
    agentSlope: 45
    agentClimb: 0.4
    ledgeDropHeight: 0
    maxJumpAcrossDistance: 0
    minRegionArea: 2
    manualCellSize: 0
    cellSize: 0.16666667
    accuratePlacement: 0
  m_NavMeshData: {fileID: 0}
--- !u!114 &57089840 stripped
MonoBehaviour:
  m_PrefabParentObject: {fileID: 114020430694933852, guid: 9e1d9ba66a816ac4cb7447c769cb46db,
    type: 2}
  m_PrefabInternal: {fileID: 1687781111}
  m_Script: {fileID: 11500000, guid: 84c86738a9095794db87f066ecc94c21, type: 3}
--- !u!114 &349018139 stripped
MonoBehaviour:
  m_PrefabParentObject: {fileID: 114835085967842158, guid: 9e1d9ba66a816ac4cb7447c769cb46db,
    type: 2}
  m_PrefabInternal: {fileID: 1687781111}
  m_Script: {fileID: 11500000, guid: c73961626b0a6b244bb1a2beac976efa, type: 3}
--- !u!114 &363220167 stripped
MonoBehaviour:
  m_PrefabParentObject: {fileID: 114224473357581710, guid: 9e1d9ba66a816ac4cb7447c769cb46db,
    type: 2}
  m_PrefabInternal: {fileID: 1687781111}
  m_Script: {fileID: 11500000, guid: 7562deacb09e34b49912b385dd51edfa, type: 3}
--- !u!1001 &397817888
Prefab:
  m_ObjectHideFlags: 0
  serializedVersion: 2
  m_Modification:
    m_TransformParent: {fileID: 0}
    m_Modifications:
    - target: {fileID: 4624354601034982, guid: a8e2d64636ca3d54eb9506656d356ccc, type: 2}
      propertyPath: m_LocalPosition.x
      value: 0
      objectReference: {fileID: 0}
    - target: {fileID: 4624354601034982, guid: a8e2d64636ca3d54eb9506656d356ccc, type: 2}
      propertyPath: m_LocalPosition.y
      value: 0
      objectReference: {fileID: 0}
    - target: {fileID: 4624354601034982, guid: a8e2d64636ca3d54eb9506656d356ccc, type: 2}
      propertyPath: m_LocalPosition.z
      value: 0
      objectReference: {fileID: 0}
    - target: {fileID: 4624354601034982, guid: a8e2d64636ca3d54eb9506656d356ccc, type: 2}
      propertyPath: m_LocalRotation.x
      value: 0
      objectReference: {fileID: 0}
    - target: {fileID: 4624354601034982, guid: a8e2d64636ca3d54eb9506656d356ccc, type: 2}
      propertyPath: m_LocalRotation.y
      value: 0
      objectReference: {fileID: 0}
    - target: {fileID: 4624354601034982, guid: a8e2d64636ca3d54eb9506656d356ccc, type: 2}
      propertyPath: m_LocalRotation.z
      value: 0
      objectReference: {fileID: 0}
    - target: {fileID: 4624354601034982, guid: a8e2d64636ca3d54eb9506656d356ccc, type: 2}
      propertyPath: m_LocalRotation.w
      value: 1
      objectReference: {fileID: 0}
    - target: {fileID: 4624354601034982, guid: a8e2d64636ca3d54eb9506656d356ccc, type: 2}
      propertyPath: m_RootOrder
      value: 2
      objectReference: {fileID: 0}
    - target: {fileID: 114033792808196950, guid: a8e2d64636ca3d54eb9506656d356ccc,
        type: 2}
      propertyPath: outText
      value: 
      objectReference: {fileID: 718576480}
    m_RemovedComponents: []
  m_ParentPrefab: {fileID: 100100000, guid: a8e2d64636ca3d54eb9506656d356ccc, type: 2}
  m_IsPrefabParent: 0
--- !u!114 &436702590 stripped
MonoBehaviour:
  m_PrefabParentObject: {fileID: 114866606822239748, guid: 9e1d9ba66a816ac4cb7447c769cb46db,
    type: 2}
  m_PrefabInternal: {fileID: 1687781111}
  m_Script: {fileID: 11500000, guid: 57f48ac54d270324fad22f5cfdd5f725, type: 3}
--- !u!114 &462030132 stripped
MonoBehaviour:
  m_PrefabParentObject: {fileID: 114649875967174040, guid: 9e1d9ba66a816ac4cb7447c769cb46db,
    type: 2}
  m_PrefabInternal: {fileID: 1687781111}
  m_Script: {fileID: 11500000, guid: bb691bb47ccf6bd49b74a54c20e1d49f, type: 3}
--- !u!114 &462834996 stripped
MonoBehaviour:
  m_PrefabParentObject: {fileID: 114997628319884912, guid: 9e1d9ba66a816ac4cb7447c769cb46db,
    type: 2}
  m_PrefabInternal: {fileID: 1687781111}
  m_Script: {fileID: 11500000, guid: e1e6855471df62649a303d7abe002b2e, type: 3}
--- !u!114 &492917285 stripped
MonoBehaviour:
  m_PrefabParentObject: {fileID: 114650492711923592, guid: 9e1d9ba66a816ac4cb7447c769cb46db,
    type: 2}
  m_PrefabInternal: {fileID: 1687781111}
  m_Script: {fileID: 11500000, guid: a55a87564b4e32f459a544d91653c27b, type: 3}
--- !u!1001 &668801687
Prefab:
  m_ObjectHideFlags: 0
  serializedVersion: 2
  m_Modification:
    m_TransformParent: {fileID: 0}
    m_Modifications:
    - target: {fileID: 4081883002583672, guid: 52f09f298c0fe7b46ad104dbd9c4252a, type: 2}
      propertyPath: m_LocalPosition.x
      value: 0
      objectReference: {fileID: 0}
    - target: {fileID: 4081883002583672, guid: 52f09f298c0fe7b46ad104dbd9c4252a, type: 2}
      propertyPath: m_LocalPosition.y
      value: 0
      objectReference: {fileID: 0}
    - target: {fileID: 4081883002583672, guid: 52f09f298c0fe7b46ad104dbd9c4252a, type: 2}
      propertyPath: m_LocalPosition.z
      value: 0
      objectReference: {fileID: 0}
    - target: {fileID: 4081883002583672, guid: 52f09f298c0fe7b46ad104dbd9c4252a, type: 2}
      propertyPath: m_LocalRotation.x
      value: 0
      objectReference: {fileID: 0}
    - target: {fileID: 4081883002583672, guid: 52f09f298c0fe7b46ad104dbd9c4252a, type: 2}
      propertyPath: m_LocalRotation.y
      value: 0
      objectReference: {fileID: 0}
    - target: {fileID: 4081883002583672, guid: 52f09f298c0fe7b46ad104dbd9c4252a, type: 2}
      propertyPath: m_LocalRotation.z
      value: 0
      objectReference: {fileID: 0}
    - target: {fileID: 4081883002583672, guid: 52f09f298c0fe7b46ad104dbd9c4252a, type: 2}
      propertyPath: m_LocalRotation.w
      value: 1
      objectReference: {fileID: 0}
    - target: {fileID: 4081883002583672, guid: 52f09f298c0fe7b46ad104dbd9c4252a, type: 2}
      propertyPath: m_RootOrder
      value: 1
      objectReference: {fileID: 0}
    - target: {fileID: 114368114374397250, guid: 52f09f298c0fe7b46ad104dbd9c4252a,
        type: 2}
      propertyPath: availableActions.Array.data[0]
      value: 
      objectReference: {fileID: 1574707040}
    - target: {fileID: 114368114374397250, guid: 52f09f298c0fe7b46ad104dbd9c4252a,
        type: 2}
      propertyPath: availableActions.Array.data[1]
      value: 
      objectReference: {fileID: 1374650269}
    - target: {fileID: 114368114374397250, guid: 52f09f298c0fe7b46ad104dbd9c4252a,
        type: 2}
      propertyPath: availableActions.Array.data[2]
      value: 
      objectReference: {fileID: 1311386944}
    - target: {fileID: 114368114374397250, guid: 52f09f298c0fe7b46ad104dbd9c4252a,
        type: 2}
      propertyPath: availableActions.Array.data[3]
      value: 
      objectReference: {fileID: 701691236}
    - target: {fileID: 114368114374397250, guid: 52f09f298c0fe7b46ad104dbd9c4252a,
        type: 2}
      propertyPath: availableActions.Array.data[4]
      value: 
      objectReference: {fileID: 462030132}
    - target: {fileID: 114368114374397250, guid: 52f09f298c0fe7b46ad104dbd9c4252a,
        type: 2}
      propertyPath: availableActions.Array.data[5]
      value: 
      objectReference: {fileID: 754084862}
    - target: {fileID: 114368114374397250, guid: 52f09f298c0fe7b46ad104dbd9c4252a,
        type: 2}
      propertyPath: availableActions.Array.data[6]
      value: 
      objectReference: {fileID: 1825189640}
    - target: {fileID: 114368114374397250, guid: 52f09f298c0fe7b46ad104dbd9c4252a,
        type: 2}
      propertyPath: availableActions.Array.data[7]
      value: 
      objectReference: {fileID: 1609497827}
    - target: {fileID: 114368114374397250, guid: 52f09f298c0fe7b46ad104dbd9c4252a,
        type: 2}
      propertyPath: availableActions.Array.data[8]
      value: 
      objectReference: {fileID: 2044265806}
    - target: {fileID: 114368114374397250, guid: 52f09f298c0fe7b46ad104dbd9c4252a,
        type: 2}
      propertyPath: availableActions.Array.data[9]
      value: 
      objectReference: {fileID: 349018139}
    - target: {fileID: 114368114374397250, guid: 52f09f298c0fe7b46ad104dbd9c4252a,
        type: 2}
      propertyPath: availableActions.Array.data[10]
      value: 
      objectReference: {fileID: 1282400395}
    - target: {fileID: 114368114374397250, guid: 52f09f298c0fe7b46ad104dbd9c4252a,
        type: 2}
      propertyPath: availableActions.Array.data[11]
      value: 
      objectReference: {fileID: 1229180269}
    - target: {fileID: 114368114374397250, guid: 52f09f298c0fe7b46ad104dbd9c4252a,
        type: 2}
      propertyPath: availableActions.Array.data[12]
      value: 
      objectReference: {fileID: 1852111145}
    - target: {fileID: 114368114374397250, guid: 52f09f298c0fe7b46ad104dbd9c4252a,
        type: 2}
      propertyPath: availableActions.Array.data[13]
      value: 
      objectReference: {fileID: 1527305732}
    - target: {fileID: 114368114374397250, guid: 52f09f298c0fe7b46ad104dbd9c4252a,
        type: 2}
      propertyPath: availableActions.Array.data[14]
      value: 
      objectReference: {fileID: 1029651502}
    - target: {fileID: 114368114374397250, guid: 52f09f298c0fe7b46ad104dbd9c4252a,
        type: 2}
      propertyPath: availableActions.Array.data[15]
      value: 
      objectReference: {fileID: 1623635003}
    - target: {fileID: 114368114374397250, guid: 52f09f298c0fe7b46ad104dbd9c4252a,
        type: 2}
      propertyPath: availableActions.Array.data[16]
      value: 
      objectReference: {fileID: 492917285}
    - target: {fileID: 114368114374397250, guid: 52f09f298c0fe7b46ad104dbd9c4252a,
        type: 2}
      propertyPath: availableActions.Array.data[17]
      value: 
      objectReference: {fileID: 57089840}
    - target: {fileID: 114368114374397250, guid: 52f09f298c0fe7b46ad104dbd9c4252a,
        type: 2}
      propertyPath: availableActions.Array.data[18]
      value: 
      objectReference: {fileID: 462834996}
    - target: {fileID: 114368114374397250, guid: 52f09f298c0fe7b46ad104dbd9c4252a,
        type: 2}
      propertyPath: availableActions.Array.data[19]
      value: 
      objectReference: {fileID: 1593641330}
    - target: {fileID: 114368114374397250, guid: 52f09f298c0fe7b46ad104dbd9c4252a,
        type: 2}
      propertyPath: availableActions.Array.data[20]
      value: 
      objectReference: {fileID: 1725848463}
    - target: {fileID: 114368114374397250, guid: 52f09f298c0fe7b46ad104dbd9c4252a,
        type: 2}
      propertyPath: availableActions.Array.data[21]
      value: 
      objectReference: {fileID: 436702590}
    - target: {fileID: 114368114374397250, guid: 52f09f298c0fe7b46ad104dbd9c4252a,
        type: 2}
      propertyPath: availableActions.Array.data[22]
      value: 
      objectReference: {fileID: 768576833}
    - target: {fileID: 114950990168078174, guid: 52f09f298c0fe7b46ad104dbd9c4252a,
        type: 2}
      propertyPath: availableActions.Array.data[0]
      value: 
      objectReference: {fileID: 1574707040}
    - target: {fileID: 114950990168078174, guid: 52f09f298c0fe7b46ad104dbd9c4252a,
        type: 2}
      propertyPath: availableActions.Array.data[1]
      value: 
      objectReference: {fileID: 1374650269}
    - target: {fileID: 114950990168078174, guid: 52f09f298c0fe7b46ad104dbd9c4252a,
        type: 2}
      propertyPath: availableActions.Array.data[2]
      value: 
      objectReference: {fileID: 1311386944}
    - target: {fileID: 114950990168078174, guid: 52f09f298c0fe7b46ad104dbd9c4252a,
        type: 2}
      propertyPath: availableActions.Array.data[3]
      value: 
      objectReference: {fileID: 701691236}
    - target: {fileID: 114950990168078174, guid: 52f09f298c0fe7b46ad104dbd9c4252a,
        type: 2}
      propertyPath: availableActions.Array.data[4]
      value: 
      objectReference: {fileID: 462030132}
    - target: {fileID: 114950990168078174, guid: 52f09f298c0fe7b46ad104dbd9c4252a,
        type: 2}
      propertyPath: availableActions.Array.data[5]
      value: 
      objectReference: {fileID: 754084862}
    - target: {fileID: 114950990168078174, guid: 52f09f298c0fe7b46ad104dbd9c4252a,
        type: 2}
      propertyPath: availableActions.Array.data[6]
      value: 
      objectReference: {fileID: 1825189640}
    - target: {fileID: 114950990168078174, guid: 52f09f298c0fe7b46ad104dbd9c4252a,
        type: 2}
      propertyPath: availableActions.Array.data[7]
      value: 
      objectReference: {fileID: 1609497827}
    - target: {fileID: 114950990168078174, guid: 52f09f298c0fe7b46ad104dbd9c4252a,
        type: 2}
      propertyPath: availableActions.Array.data[8]
      value: 
      objectReference: {fileID: 2044265806}
    - target: {fileID: 114950990168078174, guid: 52f09f298c0fe7b46ad104dbd9c4252a,
        type: 2}
      propertyPath: availableActions.Array.data[9]
      value: 
      objectReference: {fileID: 349018139}
    - target: {fileID: 114950990168078174, guid: 52f09f298c0fe7b46ad104dbd9c4252a,
        type: 2}
      propertyPath: availableActions.Array.data[10]
      value: 
      objectReference: {fileID: 1282400395}
    - target: {fileID: 114950990168078174, guid: 52f09f298c0fe7b46ad104dbd9c4252a,
        type: 2}
      propertyPath: availableActions.Array.data[11]
      value: 
      objectReference: {fileID: 1229180269}
    - target: {fileID: 114950990168078174, guid: 52f09f298c0fe7b46ad104dbd9c4252a,
        type: 2}
      propertyPath: availableActions.Array.data[12]
      value: 
      objectReference: {fileID: 1852111145}
    - target: {fileID: 114950990168078174, guid: 52f09f298c0fe7b46ad104dbd9c4252a,
        type: 2}
      propertyPath: availableActions.Array.data[13]
      value: 
      objectReference: {fileID: 1527305732}
    - target: {fileID: 114950990168078174, guid: 52f09f298c0fe7b46ad104dbd9c4252a,
        type: 2}
      propertyPath: availableActions.Array.data[14]
      value: 
      objectReference: {fileID: 1029651502}
    - target: {fileID: 114950990168078174, guid: 52f09f298c0fe7b46ad104dbd9c4252a,
        type: 2}
      propertyPath: availableActions.Array.data[15]
      value: 
      objectReference: {fileID: 1623635003}
    - target: {fileID: 114950990168078174, guid: 52f09f298c0fe7b46ad104dbd9c4252a,
        type: 2}
      propertyPath: availableActions.Array.data[16]
      value: 
      objectReference: {fileID: 492917285}
    - target: {fileID: 114950990168078174, guid: 52f09f298c0fe7b46ad104dbd9c4252a,
        type: 2}
      propertyPath: availableActions.Array.data[17]
      value: 
      objectReference: {fileID: 57089840}
    - target: {fileID: 114950990168078174, guid: 52f09f298c0fe7b46ad104dbd9c4252a,
        type: 2}
      propertyPath: availableActions.Array.data[18]
      value: 
      objectReference: {fileID: 462834996}
    - target: {fileID: 114950990168078174, guid: 52f09f298c0fe7b46ad104dbd9c4252a,
        type: 2}
      propertyPath: availableActions.Array.data[19]
      value: 
      objectReference: {fileID: 1593641330}
    - target: {fileID: 114950990168078174, guid: 52f09f298c0fe7b46ad104dbd9c4252a,
        type: 2}
      propertyPath: availableActions.Array.data[20]
      value: 
      objectReference: {fileID: 1725848463}
    - target: {fileID: 114950990168078174, guid: 52f09f298c0fe7b46ad104dbd9c4252a,
        type: 2}
      propertyPath: availableActions.Array.data[21]
      value: 
      objectReference: {fileID: 436702590}
    - target: {fileID: 114950990168078174, guid: 52f09f298c0fe7b46ad104dbd9c4252a,
        type: 2}
      propertyPath: availableActions.Array.data[22]
      value: 
      objectReference: {fileID: 768576833}
    - target: {fileID: 114783097206841792, guid: 52f09f298c0fe7b46ad104dbd9c4252a,
        type: 2}
      propertyPath: availableActions.Array.data[0]
      value: 
      objectReference: {fileID: 1791749546}
    - target: {fileID: 114783097206841792, guid: 52f09f298c0fe7b46ad104dbd9c4252a,
        type: 2}
      propertyPath: availableActions.Array.data[1]
      value: 
      objectReference: {fileID: 363220167}
    - target: {fileID: 114783097206841792, guid: 52f09f298c0fe7b46ad104dbd9c4252a,
        type: 2}
      propertyPath: availableActions.Array.data[2]
      value: 
      objectReference: {fileID: 1013688539}
    - target: {fileID: 114783097206841792, guid: 52f09f298c0fe7b46ad104dbd9c4252a,
        type: 2}
      propertyPath: availableActions.Array.data[3]
      value: 
      objectReference: {fileID: 1479745051}
    - target: {fileID: 114783097206841792, guid: 52f09f298c0fe7b46ad104dbd9c4252a,
        type: 2}
      propertyPath: availableActions.Array.data[4]
      value: 
      objectReference: {fileID: 1593641330}
    - target: {fileID: 114783097206841792, guid: 52f09f298c0fe7b46ad104dbd9c4252a,
        type: 2}
      propertyPath: availableActions.Array.data[5]
      value: 
      objectReference: {fileID: 1725848463}
    - target: {fileID: 114783097206841792, guid: 52f09f298c0fe7b46ad104dbd9c4252a,
        type: 2}
      propertyPath: availableActions.Array.data[6]
      value: 
      objectReference: {fileID: 436702590}
    - target: {fileID: 114783097206841792, guid: 52f09f298c0fe7b46ad104dbd9c4252a,
        type: 2}
      propertyPath: availableActions.Array.data[7]
      value: 
      objectReference: {fileID: 768576833}
    - target: {fileID: 114944331566035560, guid: 52f09f298c0fe7b46ad104dbd9c4252a,
        type: 2}
      propertyPath: availableActions.Array.data[0]
      value: 
      objectReference: {fileID: 1574707040}
    - target: {fileID: 114944331566035560, guid: 52f09f298c0fe7b46ad104dbd9c4252a,
        type: 2}
      propertyPath: availableActions.Array.data[1]
      value: 
      objectReference: {fileID: 1374650269}
    - target: {fileID: 114944331566035560, guid: 52f09f298c0fe7b46ad104dbd9c4252a,
        type: 2}
      propertyPath: availableActions.Array.data[2]
      value: 
      objectReference: {fileID: 1311386944}
    - target: {fileID: 114944331566035560, guid: 52f09f298c0fe7b46ad104dbd9c4252a,
        type: 2}
      propertyPath: availableActions.Array.data[3]
      value: 
      objectReference: {fileID: 701691236}
    - target: {fileID: 114944331566035560, guid: 52f09f298c0fe7b46ad104dbd9c4252a,
        type: 2}
      propertyPath: availableActions.Array.data[4]
      value: 
      objectReference: {fileID: 462030132}
    - target: {fileID: 114944331566035560, guid: 52f09f298c0fe7b46ad104dbd9c4252a,
        type: 2}
      propertyPath: availableActions.Array.data[5]
      value: 
      objectReference: {fileID: 754084862}
    - target: {fileID: 114944331566035560, guid: 52f09f298c0fe7b46ad104dbd9c4252a,
        type: 2}
      propertyPath: availableActions.Array.data[6]
      value: 
      objectReference: {fileID: 1825189640}
    - target: {fileID: 114944331566035560, guid: 52f09f298c0fe7b46ad104dbd9c4252a,
        type: 2}
      propertyPath: availableActions.Array.data[7]
      value: 
      objectReference: {fileID: 1609497827}
    - target: {fileID: 114944331566035560, guid: 52f09f298c0fe7b46ad104dbd9c4252a,
        type: 2}
      propertyPath: availableActions.Array.data[8]
      value: 
      objectReference: {fileID: 2044265806}
    - target: {fileID: 114944331566035560, guid: 52f09f298c0fe7b46ad104dbd9c4252a,
        type: 2}
      propertyPath: availableActions.Array.data[9]
      value: 
      objectReference: {fileID: 349018139}
    - target: {fileID: 114944331566035560, guid: 52f09f298c0fe7b46ad104dbd9c4252a,
        type: 2}
      propertyPath: availableActions.Array.data[10]
      value: 
      objectReference: {fileID: 1282400395}
    - target: {fileID: 114944331566035560, guid: 52f09f298c0fe7b46ad104dbd9c4252a,
        type: 2}
      propertyPath: availableActions.Array.data[11]
      value: 
      objectReference: {fileID: 1229180269}
    - target: {fileID: 114944331566035560, guid: 52f09f298c0fe7b46ad104dbd9c4252a,
        type: 2}
      propertyPath: availableActions.Array.data[12]
      value: 
      objectReference: {fileID: 1852111145}
    - target: {fileID: 114944331566035560, guid: 52f09f298c0fe7b46ad104dbd9c4252a,
        type: 2}
      propertyPath: availableActions.Array.data[13]
      value: 
      objectReference: {fileID: 1527305732}
    - target: {fileID: 114944331566035560, guid: 52f09f298c0fe7b46ad104dbd9c4252a,
        type: 2}
      propertyPath: availableActions.Array.data[14]
      value: 
      objectReference: {fileID: 1029651502}
    - target: {fileID: 114944331566035560, guid: 52f09f298c0fe7b46ad104dbd9c4252a,
        type: 2}
      propertyPath: availableActions.Array.data[15]
      value: 
      objectReference: {fileID: 1623635003}
    - target: {fileID: 114944331566035560, guid: 52f09f298c0fe7b46ad104dbd9c4252a,
        type: 2}
      propertyPath: availableActions.Array.data[16]
      value: 
      objectReference: {fileID: 492917285}
    - target: {fileID: 114944331566035560, guid: 52f09f298c0fe7b46ad104dbd9c4252a,
        type: 2}
      propertyPath: availableActions.Array.data[17]
      value: 
      objectReference: {fileID: 57089840}
    - target: {fileID: 114944331566035560, guid: 52f09f298c0fe7b46ad104dbd9c4252a,
        type: 2}
      propertyPath: availableActions.Array.data[18]
      value: 
      objectReference: {fileID: 462834996}
    - target: {fileID: 114944331566035560, guid: 52f09f298c0fe7b46ad104dbd9c4252a,
        type: 2}
      propertyPath: availableActions.Array.data[19]
      value: 
      objectReference: {fileID: 1593641330}
    - target: {fileID: 114944331566035560, guid: 52f09f298c0fe7b46ad104dbd9c4252a,
        type: 2}
      propertyPath: availableActions.Array.data[20]
      value: 
      objectReference: {fileID: 1725848463}
    - target: {fileID: 114944331566035560, guid: 52f09f298c0fe7b46ad104dbd9c4252a,
        type: 2}
      propertyPath: availableActions.Array.data[21]
      value: 
      objectReference: {fileID: 436702590}
    - target: {fileID: 114944331566035560, guid: 52f09f298c0fe7b46ad104dbd9c4252a,
        type: 2}
      propertyPath: availableActions.Array.data[22]
      value: 
      objectReference: {fileID: 768576833}
    - target: {fileID: 114248204748286532, guid: 52f09f298c0fe7b46ad104dbd9c4252a,
        type: 2}
      propertyPath: availableActions.Array.data[0]
      value: 
      objectReference: {fileID: 817044536}
    - target: {fileID: 114248204748286532, guid: 52f09f298c0fe7b46ad104dbd9c4252a,
        type: 2}
      propertyPath: availableActions.Array.data[1]
      value: 
      objectReference: {fileID: 754084862}
    - target: {fileID: 114248204748286532, guid: 52f09f298c0fe7b46ad104dbd9c4252a,
        type: 2}
      propertyPath: availableActions.Array.data[2]
      value: 
      objectReference: {fileID: 701691236}
    - target: {fileID: 114248204748286532, guid: 52f09f298c0fe7b46ad104dbd9c4252a,
        type: 2}
      propertyPath: availableActions.Array.data[3]
      value: 
      objectReference: {fileID: 1825189640}
    - target: {fileID: 114248204748286532, guid: 52f09f298c0fe7b46ad104dbd9c4252a,
        type: 2}
      propertyPath: availableActions.Array.data[4]
      value: 
      objectReference: {fileID: 462030132}
    - target: {fileID: 114248204748286532, guid: 52f09f298c0fe7b46ad104dbd9c4252a,
        type: 2}
      propertyPath: availableActions.Array.data[5]
      value: 
      objectReference: {fileID: 1282400395}
    - target: {fileID: 114248204748286532, guid: 52f09f298c0fe7b46ad104dbd9c4252a,
        type: 2}
      propertyPath: availableActions.Array.data[6]
      value: 
      objectReference: {fileID: 1229180269}
    - target: {fileID: 114248204748286532, guid: 52f09f298c0fe7b46ad104dbd9c4252a,
        type: 2}
      propertyPath: availableActions.Array.data[7]
      value: 
      objectReference: {fileID: 1825189640}
    - target: {fileID: 114248204748286532, guid: 52f09f298c0fe7b46ad104dbd9c4252a,
        type: 2}
      propertyPath: availableActions.Array.data[8]
      value: 
      objectReference: {fileID: 1311386944}
    - target: {fileID: 114248204748286532, guid: 52f09f298c0fe7b46ad104dbd9c4252a,
        type: 2}
      propertyPath: availableActions.Array.data[9]
      value: 
      objectReference: {fileID: 349018139}
    - target: {fileID: 114248204748286532, guid: 52f09f298c0fe7b46ad104dbd9c4252a,
        type: 2}
      propertyPath: availableActions.Array.data[10]
      value: 
      objectReference: {fileID: 1574707040}
    - target: {fileID: 114248204748286532, guid: 52f09f298c0fe7b46ad104dbd9c4252a,
        type: 2}
      propertyPath: availableActions.Array.data[11]
      value: 
      objectReference: {fileID: 1374650269}
    - target: {fileID: 114248204748286532, guid: 52f09f298c0fe7b46ad104dbd9c4252a,
        type: 2}
      propertyPath: availableActions.Array.data[12]
      value: 
      objectReference: {fileID: 1593641330}
    - target: {fileID: 114248204748286532, guid: 52f09f298c0fe7b46ad104dbd9c4252a,
        type: 2}
      propertyPath: availableActions.Array.data[13]
      value: 
      objectReference: {fileID: 1725848463}
    - target: {fileID: 114248204748286532, guid: 52f09f298c0fe7b46ad104dbd9c4252a,
        type: 2}
      propertyPath: availableActions.Array.data[14]
      value: 
      objectReference: {fileID: 436702590}
    - target: {fileID: 114248204748286532, guid: 52f09f298c0fe7b46ad104dbd9c4252a,
        type: 2}
      propertyPath: availableActions.Array.data[15]
      value: 
      objectReference: {fileID: 768576833}
    - target: {fileID: 114375523039939968, guid: 52f09f298c0fe7b46ad104dbd9c4252a,
        type: 2}
      propertyPath: availableActions.Array.data[0]
      value: 
      objectReference: {fileID: 1791749546}
    - target: {fileID: 114375523039939968, guid: 52f09f298c0fe7b46ad104dbd9c4252a,
        type: 2}
      propertyPath: availableActions.Array.data[1]
      value: 
      objectReference: {fileID: 363220167}
    - target: {fileID: 114375523039939968, guid: 52f09f298c0fe7b46ad104dbd9c4252a,
        type: 2}
      propertyPath: availableActions.Array.data[2]
      value: 
      objectReference: {fileID: 1013688539}
    - target: {fileID: 114375523039939968, guid: 52f09f298c0fe7b46ad104dbd9c4252a,
        type: 2}
      propertyPath: availableActions.Array.data[3]
      value: 
      objectReference: {fileID: 1479745051}
    - target: {fileID: 114375523039939968, guid: 52f09f298c0fe7b46ad104dbd9c4252a,
        type: 2}
      propertyPath: availableActions.Array.data[4]
      value: 
      objectReference: {fileID: 1593641330}
    - target: {fileID: 114375523039939968, guid: 52f09f298c0fe7b46ad104dbd9c4252a,
        type: 2}
      propertyPath: availableActions.Array.data[5]
      value: 
      objectReference: {fileID: 1725848463}
    - target: {fileID: 114375523039939968, guid: 52f09f298c0fe7b46ad104dbd9c4252a,
        type: 2}
      propertyPath: availableActions.Array.data[6]
      value: 
      objectReference: {fileID: 436702590}
    - target: {fileID: 114375523039939968, guid: 52f09f298c0fe7b46ad104dbd9c4252a,
        type: 2}
      propertyPath: availableActions.Array.data[7]
      value: 
      objectReference: {fileID: 768576833}
    m_RemovedComponents: []
  m_ParentPrefab: {fileID: 100100000, guid: 52f09f298c0fe7b46ad104dbd9c4252a, type: 2}
  m_IsPrefabParent: 0
--- !u!1001 &693113560
Prefab:
  m_ObjectHideFlags: 0
  serializedVersion: 2
  m_Modification:
    m_TransformParent: {fileID: 0}
    m_Modifications:
    - target: {fileID: 4519053305770032, guid: 14bb88dafb3514a4186c69a834ffc491, type: 2}
      propertyPath: m_LocalPosition.x
      value: 0
      objectReference: {fileID: 0}
    - target: {fileID: 4519053305770032, guid: 14bb88dafb3514a4186c69a834ffc491, type: 2}
      propertyPath: m_LocalPosition.y
      value: 0
      objectReference: {fileID: 0}
    - target: {fileID: 4519053305770032, guid: 14bb88dafb3514a4186c69a834ffc491, type: 2}
      propertyPath: m_LocalPosition.z
      value: 0
      objectReference: {fileID: 0}
    - target: {fileID: 4519053305770032, guid: 14bb88dafb3514a4186c69a834ffc491, type: 2}
      propertyPath: m_LocalRotation.x
      value: 0
      objectReference: {fileID: 0}
    - target: {fileID: 4519053305770032, guid: 14bb88dafb3514a4186c69a834ffc491, type: 2}
      propertyPath: m_LocalRotation.y
      value: 0
      objectReference: {fileID: 0}
    - target: {fileID: 4519053305770032, guid: 14bb88dafb3514a4186c69a834ffc491, type: 2}
      propertyPath: m_LocalRotation.z
      value: 0
      objectReference: {fileID: 0}
    - target: {fileID: 4519053305770032, guid: 14bb88dafb3514a4186c69a834ffc491, type: 2}
      propertyPath: m_LocalRotation.w
      value: 1
      objectReference: {fileID: 0}
    - target: {fileID: 4519053305770032, guid: 14bb88dafb3514a4186c69a834ffc491, type: 2}
      propertyPath: m_RootOrder
      value: 3
      objectReference: {fileID: 0}
    m_RemovedComponents: []
  m_ParentPrefab: {fileID: 100100000, guid: 14bb88dafb3514a4186c69a834ffc491, type: 2}
  m_IsPrefabParent: 0
--- !u!114 &701691236 stripped
MonoBehaviour:
  m_PrefabParentObject: {fileID: 114951112630637442, guid: 9e1d9ba66a816ac4cb7447c769cb46db,
    type: 2}
  m_PrefabInternal: {fileID: 1687781111}
  m_Script: {fileID: 11500000, guid: bb691bb47ccf6bd49b74a54c20e1d49f, type: 3}
--- !u!1 &718576480 stripped
GameObject:
  m_PrefabParentObject: {fileID: 1370816912557830, guid: 7a3f3125f73a3924f917580502126ce2,
    type: 2}
  m_PrefabInternal: {fileID: 1638398902}
--- !u!114 &754084862 stripped
MonoBehaviour:
  m_PrefabParentObject: {fileID: 114122072376577150, guid: 9e1d9ba66a816ac4cb7447c769cb46db,
    type: 2}
  m_PrefabInternal: {fileID: 1687781111}
  m_Script: {fileID: 11500000, guid: bb691bb47ccf6bd49b74a54c20e1d49f, type: 3}
--- !u!114 &768576833 stripped
MonoBehaviour:
  m_PrefabParentObject: {fileID: 114025455555444158, guid: 9e1d9ba66a816ac4cb7447c769cb46db,
    type: 2}
  m_PrefabInternal: {fileID: 1687781111}
  m_Script: {fileID: 11500000, guid: 57f48ac54d270324fad22f5cfdd5f725, type: 3}
--- !u!114 &817044536 stripped
MonoBehaviour:
  m_PrefabParentObject: {fileID: 114766309212764528, guid: 9e1d9ba66a816ac4cb7447c769cb46db,
    type: 2}
  m_PrefabInternal: {fileID: 1687781111}
  m_Script: {fileID: 11500000, guid: aa7dea736eff803489adaa6198a8b420, type: 3}
--- !u!1 &914622074
GameObject:
  m_ObjectHideFlags: 0
  m_PrefabParentObject: {fileID: 0}
  m_PrefabInternal: {fileID: 0}
  serializedVersion: 5
  m_Component:
  - component: {fileID: 914622079}
  - component: {fileID: 914622078}
  - component: {fileID: 914622077}
  - component: {fileID: 914622076}
  - component: {fileID: 914622075}
  m_Layer: 0
  m_Name: Main Camera
  m_TagString: MainCamera
  m_Icon: {fileID: 0}
  m_NavMeshLayer: 0
  m_StaticEditorFlags: 0
  m_IsActive: 1
--- !u!81 &914622075
AudioListener:
  m_ObjectHideFlags: 0
  m_PrefabParentObject: {fileID: 0}
  m_PrefabInternal: {fileID: 0}
  m_GameObject: {fileID: 914622074}
  m_Enabled: 1
--- !u!124 &914622076
Behaviour:
  m_ObjectHideFlags: 0
  m_PrefabParentObject: {fileID: 0}
  m_PrefabInternal: {fileID: 0}
  m_GameObject: {fileID: 914622074}
  m_Enabled: 1
--- !u!92 &914622077
Behaviour:
  m_ObjectHideFlags: 0
  m_PrefabParentObject: {fileID: 0}
  m_PrefabInternal: {fileID: 0}
  m_GameObject: {fileID: 914622074}
  m_Enabled: 1
--- !u!20 &914622078
Camera:
  m_ObjectHideFlags: 0
  m_PrefabParentObject: {fileID: 0}
  m_PrefabInternal: {fileID: 0}
  m_GameObject: {fileID: 914622074}
  m_Enabled: 1
  serializedVersion: 2
  m_ClearFlags: 1
  m_BackGroundColor: {r: 0.6397059, g: 0.591436, b: 0.20225996, a: 0}
  m_NormalizedViewPortRect:
    serializedVersion: 2
    x: 0
    y: 0
    width: 1
    height: 1
  near clip plane: 0.3
  far clip plane: 1000
  field of view: 60
  orthographic: 1
  orthographic size: 5
  m_Depth: -1
  m_CullingMask:
    serializedVersion: 2
    m_Bits: 4294967295
  m_RenderingPath: -1
  m_TargetTexture: {fileID: 0}
  m_TargetDisplay: 0
  m_TargetEye: 3
  m_HDR: 0
  m_OcclusionCulling: 1
  m_StereoConvergence: 10
  m_StereoSeparation: 0.022
  m_StereoMirrorMode: 0
--- !u!4 &914622079
Transform:
  m_ObjectHideFlags: 0
  m_PrefabParentObject: {fileID: 0}
  m_PrefabInternal: {fileID: 0}
  m_GameObject: {fileID: 914622074}
  m_LocalRotation: {x: 0, y: 0, z: 0, w: 1}
  m_LocalPosition: {x: 0, y: 0, z: -10}
  m_LocalScale: {x: 1, y: 1, z: 1}
  m_Children: []
  m_Father: {fileID: 0}
  m_RootOrder: 0
  m_LocalEulerAnglesHint: {x: 0, y: 0, z: 0}
--- !u!114 &1013688539 stripped
MonoBehaviour:
  m_PrefabParentObject: {fileID: 114601296095633960, guid: 9e1d9ba66a816ac4cb7447c769cb46db,
    type: 2}
  m_PrefabInternal: {fileID: 1687781111}
  m_Script: {fileID: 11500000, guid: 7562deacb09e34b49912b385dd51edfa, type: 3}
--- !u!114 &1029651502 stripped
MonoBehaviour:
  m_PrefabParentObject: {fileID: 114292694890066858, guid: 9e1d9ba66a816ac4cb7447c769cb46db,
    type: 2}
  m_PrefabInternal: {fileID: 1687781111}
  m_Script: {fileID: 11500000, guid: 43b603d0f29b4924ca5baeb0ca5f3119, type: 3}
--- !u!114 &1229180269 stripped
MonoBehaviour:
  m_PrefabParentObject: {fileID: 114543529475905944, guid: 9e1d9ba66a816ac4cb7447c769cb46db,
    type: 2}
  m_PrefabInternal: {fileID: 1687781111}
  m_Script: {fileID: 11500000, guid: bb691bb47ccf6bd49b74a54c20e1d49f, type: 3}
--- !u!114 &1282400395 stripped
MonoBehaviour:
  m_PrefabParentObject: {fileID: 114286914891030542, guid: 9e1d9ba66a816ac4cb7447c769cb46db,
    type: 2}
  m_PrefabInternal: {fileID: 1687781111}
  m_Script: {fileID: 11500000, guid: bb691bb47ccf6bd49b74a54c20e1d49f, type: 3}
--- !u!114 &1311386944 stripped
MonoBehaviour:
  m_PrefabParentObject: {fileID: 114215460255531020, guid: 9e1d9ba66a816ac4cb7447c769cb46db,
    type: 2}
  m_PrefabInternal: {fileID: 1687781111}
  m_Script: {fileID: 11500000, guid: 42440a2915707404798da9850da5299f, type: 3}
--- !u!114 &1374650269 stripped
MonoBehaviour:
  m_PrefabParentObject: {fileID: 114885072987286684, guid: 9e1d9ba66a816ac4cb7447c769cb46db,
    type: 2}
  m_PrefabInternal: {fileID: 1687781111}
  m_Script: {fileID: 11500000, guid: 7bc53f673a8c9ea40a698f7039fc048b, type: 3}
--- !u!1 &1378701349
GameObject:
  m_ObjectHideFlags: 0
  m_PrefabParentObject: {fileID: 0}
  m_PrefabInternal: {fileID: 0}
  serializedVersion: 5
  m_Component:
  - component: {fileID: 1378701352}
  - component: {fileID: 1378701351}
  - component: {fileID: 1378701350}
  m_Layer: 0
  m_Name: EventSystem
  m_TagString: Untagged
  m_Icon: {fileID: 0}
  m_NavMeshLayer: 0
  m_StaticEditorFlags: 0
  m_IsActive: 1
--- !u!114 &1378701350
MonoBehaviour:
  m_ObjectHideFlags: 0
  m_PrefabParentObject: {fileID: 0}
  m_PrefabInternal: {fileID: 0}
  m_GameObject: {fileID: 1378701349}
  m_Enabled: 1
  m_EditorHideFlags: 0
  m_Script: {fileID: 1077351063, guid: f70555f144d8491a825f0804e09c671c, type: 3}
  m_Name: 
  m_EditorClassIdentifier: 
  m_HorizontalAxis: Horizontal
  m_VerticalAxis: Vertical
  m_SubmitButton: Submit
  m_CancelButton: Cancel
  m_InputActionsPerSecond: 10
  m_RepeatDelay: 0.5
  m_ForceModuleActive: 0
--- !u!114 &1378701351
MonoBehaviour:
  m_ObjectHideFlags: 0
  m_PrefabParentObject: {fileID: 0}
  m_PrefabInternal: {fileID: 0}
  m_GameObject: {fileID: 1378701349}
  m_Enabled: 1
  m_EditorHideFlags: 0
  m_Script: {fileID: -619905303, guid: f70555f144d8491a825f0804e09c671c, type: 3}
  m_Name: 
  m_EditorClassIdentifier: 
  m_FirstSelected: {fileID: 0}
  m_sendNavigationEvents: 1
  m_DragThreshold: 5
--- !u!4 &1378701352
Transform:
  m_ObjectHideFlags: 0
  m_PrefabParentObject: {fileID: 0}
  m_PrefabInternal: {fileID: 0}
  m_GameObject: {fileID: 1378701349}
  m_LocalRotation: {x: 0, y: 0, z: 0, w: 1}
  m_LocalPosition: {x: 0, y: 0, z: 0}
  m_LocalScale: {x: 1, y: 1, z: 1}
  m_Children: []
  m_Father: {fileID: 0}
  m_RootOrder: 6
  m_LocalEulerAnglesHint: {x: 0, y: 0, z: 0}
--- !u!114 &1479745051 stripped
MonoBehaviour:
  m_PrefabParentObject: {fileID: 114976122068404056, guid: 9e1d9ba66a816ac4cb7447c769cb46db,
    type: 2}
  m_PrefabInternal: {fileID: 1687781111}
  m_Script: {fileID: 11500000, guid: 7562deacb09e34b49912b385dd51edfa, type: 3}
--- !u!114 &1527305732 stripped
MonoBehaviour:
  m_PrefabParentObject: {fileID: 114830815397357860, guid: 9e1d9ba66a816ac4cb7447c769cb46db,
    type: 2}
  m_PrefabInternal: {fileID: 1687781111}
  m_Script: {fileID: 11500000, guid: 2839d9d8494ecfb4f905b8a884b5372c, type: 3}
--- !u!114 &1574707040 stripped
MonoBehaviour:
  m_PrefabParentObject: {fileID: 114266994751723884, guid: 9e1d9ba66a816ac4cb7447c769cb46db,
    type: 2}
  m_PrefabInternal: {fileID: 1687781111}
  m_Script: {fileID: 11500000, guid: 7bc53f673a8c9ea40a698f7039fc048b, type: 3}
--- !u!114 &1593641330 stripped
MonoBehaviour:
  m_PrefabParentObject: {fileID: 114894467808022124, guid: 9e1d9ba66a816ac4cb7447c769cb46db,
    type: 2}
  m_PrefabInternal: {fileID: 1687781111}
  m_Script: {fileID: 11500000, guid: 76d492de1eb4f7942a8d7e9eaf2d3365, type: 3}
--- !u!114 &1609497827 stripped
MonoBehaviour:
  m_PrefabParentObject: {fileID: 114520452336186684, guid: 9e1d9ba66a816ac4cb7447c769cb46db,
    type: 2}
  m_PrefabInternal: {fileID: 1687781111}
  m_Script: {fileID: 11500000, guid: ea0586e140c763d4388972dbb3c7b47d, type: 3}
--- !u!114 &1623635003 stripped
MonoBehaviour:
  m_PrefabParentObject: {fileID: 114337710125088560, guid: 9e1d9ba66a816ac4cb7447c769cb46db,
    type: 2}
  m_PrefabInternal: {fileID: 1687781111}
  m_Script: {fileID: 11500000, guid: c44165d43d7e56f43b12dc3d1a599ecb, type: 3}
--- !u!1001 &1638398902
Prefab:
  m_ObjectHideFlags: 0
  serializedVersion: 2
  m_Modification:
    m_TransformParent: {fileID: 0}
    m_Modifications:
    - target: {fileID: 224987541379837638, guid: 7a3f3125f73a3924f917580502126ce2,
        type: 2}
      propertyPath: m_LocalPosition.x
      value: 0
      objectReference: {fileID: 0}
    - target: {fileID: 224987541379837638, guid: 7a3f3125f73a3924f917580502126ce2,
        type: 2}
      propertyPath: m_LocalPosition.y
      value: 0
      objectReference: {fileID: 0}
    - target: {fileID: 224987541379837638, guid: 7a3f3125f73a3924f917580502126ce2,
        type: 2}
      propertyPath: m_LocalPosition.z
      value: 90
      objectReference: {fileID: 0}
    - target: {fileID: 224987541379837638, guid: 7a3f3125f73a3924f917580502126ce2,
        type: 2}
      propertyPath: m_LocalRotation.x
      value: 0
      objectReference: {fileID: 0}
    - target: {fileID: 224987541379837638, guid: 7a3f3125f73a3924f917580502126ce2,
        type: 2}
      propertyPath: m_LocalRotation.y
      value: 0
      objectReference: {fileID: 0}
    - target: {fileID: 224987541379837638, guid: 7a3f3125f73a3924f917580502126ce2,
        type: 2}
      propertyPath: m_LocalRotation.z
      value: 0
      objectReference: {fileID: 0}
    - target: {fileID: 224987541379837638, guid: 7a3f3125f73a3924f917580502126ce2,
        type: 2}
      propertyPath: m_LocalRotation.w
      value: 1
      objectReference: {fileID: 0}
    - target: {fileID: 224987541379837638, guid: 7a3f3125f73a3924f917580502126ce2,
        type: 2}
      propertyPath: m_RootOrder
      value: 5
      objectReference: {fileID: 0}
    - target: {fileID: 224987541379837638, guid: 7a3f3125f73a3924f917580502126ce2,
        type: 2}
      propertyPath: m_AnchoredPosition.x
      value: 0
      objectReference: {fileID: 0}
    - target: {fileID: 224987541379837638, guid: 7a3f3125f73a3924f917580502126ce2,
        type: 2}
      propertyPath: m_AnchoredPosition.y
      value: 0
      objectReference: {fileID: 0}
    - target: {fileID: 224987541379837638, guid: 7a3f3125f73a3924f917580502126ce2,
        type: 2}
      propertyPath: m_SizeDelta.x
      value: 525.3334
      objectReference: {fileID: 0}
    - target: {fileID: 224987541379837638, guid: 7a3f3125f73a3924f917580502126ce2,
        type: 2}
      propertyPath: m_SizeDelta.y
      value: 394
      objectReference: {fileID: 0}
    - target: {fileID: 224987541379837638, guid: 7a3f3125f73a3924f917580502126ce2,
        type: 2}
      propertyPath: m_AnchorMin.x
      value: 0
      objectReference: {fileID: 0}
    - target: {fileID: 224987541379837638, guid: 7a3f3125f73a3924f917580502126ce2,
        type: 2}
      propertyPath: m_AnchorMin.y
      value: 0
      objectReference: {fileID: 0}
    - target: {fileID: 224987541379837638, guid: 7a3f3125f73a3924f917580502126ce2,
        type: 2}
      propertyPath: m_AnchorMax.x
      value: 0
      objectReference: {fileID: 0}
    - target: {fileID: 224987541379837638, guid: 7a3f3125f73a3924f917580502126ce2,
        type: 2}
      propertyPath: m_AnchorMax.y
      value: 0
      objectReference: {fileID: 0}
    - target: {fileID: 224987541379837638, guid: 7a3f3125f73a3924f917580502126ce2,
        type: 2}
      propertyPath: m_Pivot.x
      value: 0.5
      objectReference: {fileID: 0}
    - target: {fileID: 224987541379837638, guid: 7a3f3125f73a3924f917580502126ce2,
        type: 2}
      propertyPath: m_Pivot.y
      value: 0.5
      objectReference: {fileID: 0}
    - target: {fileID: 114061894433956334, guid: 7a3f3125f73a3924f917580502126ce2,
        type: 2}
      propertyPath: m_OnClick.m_PersistentCalls.m_Calls.Array.data[0].m_Target
      value: 
      objectReference: {fileID: 1927346505}
    - target: {fileID: 114834730315099254, guid: 7a3f3125f73a3924f917580502126ce2,
        type: 2}
      propertyPath: m_OnClick.m_PersistentCalls.m_Calls.Array.data[0].m_Target
      value: 
      objectReference: {fileID: 1927346505}
    - target: {fileID: 114708640600720020, guid: 7a3f3125f73a3924f917580502126ce2,
        type: 2}
      propertyPath: m_OnClick.m_PersistentCalls.m_Calls.Array.data[0].m_Target
      value: 
      objectReference: {fileID: 1927346505}
    - target: {fileID: 223815374445845076, guid: 7a3f3125f73a3924f917580502126ce2,
        type: 2}
      propertyPath: m_Camera
      value: 
      objectReference: {fileID: 914622078}
    m_RemovedComponents: []
  m_ParentPrefab: {fileID: 100100000, guid: 7a3f3125f73a3924f917580502126ce2, type: 2}
  m_IsPrefabParent: 0
--- !u!1001 &1687781111
Prefab:
  m_ObjectHideFlags: 0
  serializedVersion: 2
  m_Modification:
    m_TransformParent: {fileID: 0}
    m_Modifications:
    - target: {fileID: 4711698608300052, guid: 9e1d9ba66a816ac4cb7447c769cb46db, type: 2}
      propertyPath: m_LocalPosition.x
      value: 0
      objectReference: {fileID: 0}
    - target: {fileID: 4711698608300052, guid: 9e1d9ba66a816ac4cb7447c769cb46db, type: 2}
      propertyPath: m_LocalPosition.y
      value: 0
      objectReference: {fileID: 0}
    - target: {fileID: 4711698608300052, guid: 9e1d9ba66a816ac4cb7447c769cb46db, type: 2}
      propertyPath: m_LocalPosition.z
      value: 0
      objectReference: {fileID: 0}
    - target: {fileID: 4711698608300052, guid: 9e1d9ba66a816ac4cb7447c769cb46db, type: 2}
      propertyPath: m_LocalRotation.x
      value: 0
      objectReference: {fileID: 0}
    - target: {fileID: 4711698608300052, guid: 9e1d9ba66a816ac4cb7447c769cb46db, type: 2}
      propertyPath: m_LocalRotation.y
      value: 0
      objectReference: {fileID: 0}
    - target: {fileID: 4711698608300052, guid: 9e1d9ba66a816ac4cb7447c769cb46db, type: 2}
      propertyPath: m_LocalRotation.z
      value: 0
      objectReference: {fileID: 0}
    - target: {fileID: 4711698608300052, guid: 9e1d9ba66a816ac4cb7447c769cb46db, type: 2}
      propertyPath: m_LocalRotation.w
      value: 1
      objectReference: {fileID: 0}
    - target: {fileID: 4711698608300052, guid: 9e1d9ba66a816ac4cb7447c769cb46db, type: 2}
      propertyPath: m_RootOrder
      value: 4
      objectReference: {fileID: 0}
    - target: {fileID: 114649875967174040, guid: 9e1d9ba66a816ac4cb7447c769cb46db,
        type: 2}
      propertyPath: place
      value: 
      objectReference: {fileID: 1845635355}
    - target: {fileID: 114951112630637442, guid: 9e1d9ba66a816ac4cb7447c769cb46db,
        type: 2}
      propertyPath: place
      value: 
      objectReference: {fileID: 1845635355}
    - target: {fileID: 114122072376577150, guid: 9e1d9ba66a816ac4cb7447c769cb46db,
        type: 2}
      propertyPath: place
      value: 
      objectReference: {fileID: 2092539731}
    - target: {fileID: 114543529475905944, guid: 9e1d9ba66a816ac4cb7447c769cb46db,
        type: 2}
      propertyPath: place
      value: 
      objectReference: {fileID: 1986922863}
    - target: {fileID: 114286914891030542, guid: 9e1d9ba66a816ac4cb7447c769cb46db,
        type: 2}
      propertyPath: place
      value: 
      objectReference: {fileID: 1986922863}
    - target: {fileID: 114646098609100914, guid: 9e1d9ba66a816ac4cb7447c769cb46db,
        type: 2}
      propertyPath: place
      value: 
      objectReference: {fileID: 2092539731}
    m_RemovedComponents: []
  m_ParentPrefab: {fileID: 100100000, guid: 9e1d9ba66a816ac4cb7447c769cb46db, type: 2}
  m_IsPrefabParent: 0
--- !u!114 &1725848463 stripped
MonoBehaviour:
  m_PrefabParentObject: {fileID: 114073946946107142, guid: 9e1d9ba66a816ac4cb7447c769cb46db,
    type: 2}
  m_PrefabInternal: {fileID: 1687781111}
  m_Script: {fileID: 11500000, guid: 57f48ac54d270324fad22f5cfdd5f725, type: 3}
--- !u!114 &1791749546 stripped
MonoBehaviour:
  m_PrefabParentObject: {fileID: 114959420652410032, guid: 9e1d9ba66a816ac4cb7447c769cb46db,
    type: 2}
  m_PrefabInternal: {fileID: 1687781111}
  m_Script: {fileID: 11500000, guid: a64433fa7cfcec046a107285ecd526fc, type: 3}
--- !u!114 &1825189640 stripped
MonoBehaviour:
  m_PrefabParentObject: {fileID: 114646098609100914, guid: 9e1d9ba66a816ac4cb7447c769cb46db,
    type: 2}
  m_PrefabInternal: {fileID: 1687781111}
  m_Script: {fileID: 11500000, guid: bb691bb47ccf6bd49b74a54c20e1d49f, type: 3}
--- !u!114 &1845635355 stripped
MonoBehaviour:
  m_PrefabParentObject: {fileID: 114694455038639770, guid: a8e2d64636ca3d54eb9506656d356ccc,
    type: 2}
  m_PrefabInternal: {fileID: 397817888}
  m_Script: {fileID: 11500000, guid: 571cb82c81b9461459d4bd6d016cee60, type: 3}
--- !u!114 &1852111145 stripped
MonoBehaviour:
  m_PrefabParentObject: {fileID: 114568684782076414, guid: 9e1d9ba66a816ac4cb7447c769cb46db,
    type: 2}
  m_PrefabInternal: {fileID: 1687781111}
  m_Script: {fileID: 11500000, guid: f36ba7392706f114c81f5795f4359c79, type: 3}
--- !u!114 &1927346505 stripped
MonoBehaviour:
  m_PrefabParentObject: {fileID: 114447191817742372, guid: 52f09f298c0fe7b46ad104dbd9c4252a,
    type: 2}
  m_PrefabInternal: {fileID: 668801687}
  m_Script: {fileID: 11500000, guid: 6b4ad7fb3e7a1674da0f1b44a2607f57, type: 3}
--- !u!114 &1986922863 stripped
MonoBehaviour:
  m_PrefabParentObject: {fileID: 114690476372038546, guid: a8e2d64636ca3d54eb9506656d356ccc,
    type: 2}
  m_PrefabInternal: {fileID: 397817888}
  m_Script: {fileID: 11500000, guid: 8c753c94869f1b7438cd6b4d18a7d594, type: 3}
--- !u!114 &2044265806 stripped
MonoBehaviour:
  m_PrefabParentObject: {fileID: 114241248611092950, guid: 9e1d9ba66a816ac4cb7447c769cb46db,
    type: 2}
  m_PrefabInternal: {fileID: 1687781111}
  m_Script: {fileID: 11500000, guid: 82f7cfa9a1d81a04e9d29f648d8e5487, type: 3}
--- !u!114 &2092539731 stripped
MonoBehaviour:
  m_PrefabParentObject: {fileID: 114057397254544684, guid: a8e2d64636ca3d54eb9506656d356ccc,
    type: 2}
  m_PrefabInternal: {fileID: 397817888}
  m_Script: {fileID: 11500000, guid: b50646dab2cfea949aa2ac9875e6338c, type: 3}
--- !u!1 &2139876877
GameObject:
  m_ObjectHideFlags: 0
  m_PrefabParentObject: {fileID: 0}
  m_PrefabInternal: {fileID: 0}
  serializedVersion: 5
  m_Component:
  - component: {fileID: 2139876879}
  - component: {fileID: 2139876878}
  m_Layer: 0
  m_Name: music
  m_TagString: Untagged
  m_Icon: {fileID: 0}
  m_NavMeshLayer: 0
  m_StaticEditorFlags: 0
  m_IsActive: 1
--- !u!82 &2139876878
AudioSource:
  m_ObjectHideFlags: 0
  m_PrefabParentObject: {fileID: 0}
  m_PrefabInternal: {fileID: 0}
  m_GameObject: {fileID: 2139876877}
  m_Enabled: 1
  serializedVersion: 4
  OutputAudioMixerGroup: {fileID: 0}
  m_audioClip: {fileID: 8300000, guid: 936b7a7c5a5e38644aa9c21bb460a40e, type: 3}
  m_PlayOnAwake: 1
  m_Volume: 1
  m_Pitch: 1
  Loop: 1
  Mute: 0
  Spatialize: 0
  SpatializePostEffects: 0
  Priority: 128
  DopplerLevel: 1
  MinDistance: 1
  MaxDistance: 500
  Pan2D: 0
  rolloffMode: 0
  BypassEffects: 0
  BypassListenerEffects: 0
  BypassReverbZones: 0
  rolloffCustomCurve:
    serializedVersion: 2
    m_Curve:
    - serializedVersion: 2
      time: 0
      value: 1
      inSlope: 0
      outSlope: 0
      tangentMode: 0
    - serializedVersion: 2
      time: 1
      value: 0
      inSlope: 0
      outSlope: 0
      tangentMode: 0
    m_PreInfinity: 2
    m_PostInfinity: 2
    m_RotationOrder: 4
  panLevelCustomCurve:
    serializedVersion: 2
    m_Curve:
    - serializedVersion: 2
      time: 0
      value: 0
      inSlope: 0
      outSlope: 0
      tangentMode: 0
    m_PreInfinity: 2
    m_PostInfinity: 2
    m_RotationOrder: 0
  spreadCustomCurve:
    serializedVersion: 2
    m_Curve:
    - serializedVersion: 2
      time: 0
      value: 0
      inSlope: 0
      outSlope: 0
      tangentMode: 0
    m_PreInfinity: 2
    m_PostInfinity: 2
    m_RotationOrder: 4
  reverbZoneMixCustomCurve:
    serializedVersion: 2
    m_Curve:
    - serializedVersion: 2
      time: 0
      value: 1
      inSlope: 0
      outSlope: 0
      tangentMode: 0
    m_PreInfinity: 2
    m_PostInfinity: 2
    m_RotationOrder: 0
--- !u!4 &2139876879
Transform:
  m_ObjectHideFlags: 0
  m_PrefabParentObject: {fileID: 0}
  m_PrefabInternal: {fileID: 0}
  m_GameObject: {fileID: 2139876877}
  m_LocalRotation: {x: 0, y: 0, z: 0, w: 1}
  m_LocalPosition: {x: 0, y: 0, z: 0}
  m_LocalScale: {x: 1, y: 1, z: 1}
  m_Children: []
  m_Father: {fileID: 0}
  m_RootOrder: 7
  m_LocalEulerAnglesHint: {x: 0, y: 0, z: 0}
